% Encoding: UTF-8

@PhdThesis{hc_costa2016,
  title={ENSAIOS EM MACROECONOMIA APLICADA},
  author={C. Costa, H.},
  school={Universidade Federal do Rio Grande do Sul},
  year={2016},
  address={Porto Alegre},
  url={https://lume.ufrgs.br/handle/10183/158135}
}

@article{stone_etal1966,
  title={The general inquirer: A computer approach to content analysis.},
  author={Stone, P. J. and Dunphy, D. C. and Smith, M. S.},
  year={1966},
  publisher={MIT press}
}

@book{gujarati_ecn2011,
  title={Econometria básica},
  author={Gujarati, D. N. and Porter, D. C.},
  year={2011},
  publisher={Amgh Editora}
}

@book{bueno2008,
  title={Econometria de séries temporais},
  author={Bueno, R. De-Losso},
  year={2011},
  publisher={Cengage Learning}
}

@article{blinder2008central,
  title={Central bank communication and monetary policy: A survey of theory and evidence},
  author={Blinder, A. S. and Ehrmann, M. and Fratzscher, M. and De Haan, J. and Jansen, D.},
  journal={Journal of economic literature},
  volume={46},
  number={4},
  pages={910--45},
  year={2008}
}

@article{woodford2005central,
  title={Central bank communication and policy effectiveness},
  author={Woodford, M.},
  year={2005},
  publisher={National Bureau of Economic Research Cambridge, Mass., USA}
}

@book{issing2002should,
  title={Should we have faith in central banks?},
  author={Issing, O. and Wood, G. E.},
  year={2001},
  publisher={Institute of Economic Affairs London}
}

@article{winkler2000transp,
  title={Which kind of transparency? On the need for clarity in monetary policy-making},
  author={Winkler, Bernhard},
  journal={On the Need for Clarity in Monetary Policy-Making (August 2000)},
  year={2000}
}

@article{blinder2000central,
  title={Central-bank credibility: Why do we care? how do we build it?},
  author={Blinder, A. S.},
  journal={American economic review},
  volume={90},
  number={5},
  pages={1421--1431},
  year={1999}
}

@book{mishkin2000,
  title={Moeda, bancos e mercados financeiros},
  author={Mishkin, F. S.},
  year={2000},
  publisher={Livros Técnicos e Científicos Editora}
}

@article{bernanke2004monetary,
  title={Monetary policy alternatives at the zero bound: An empirical assessment},
  author={Bernanke, B. and Reinhart, V. and Sack, B.},
  journal={Brookings papers on economic activity},
  volume={2004},
  number={2},
  pages={1--100},
  year={2004},
  publisher={Brookings Institution Press}
}

@article{coenen2017communication,
  title={Communication of monetary policy in unconventional times},
  author={Coenen, G. and Ehrmann, M. and Gaballo, G. and Hoffmann, P. and Nakov, A. and Nardelli, S.o and Persson, E. and Strasser, G.},
  year={2017},
  publisher={ECB working paper}
}

@inproceedings{taylor_rule1993,
  title={Discretion versus policy rules in practice},
  author={Taylor, John B},
  booktitle={Carnegie-Rochester conference series on public policy},
  volume={39},
  pages={195--214},
  year={1993},
  organization={Elsevier}
}

@article{faust_svensson_2001transparency,
  title={Transparency and credibility: Monetary policy with unobservable goals},
  author={Faust, Jon and Svensson, Lars EO},
  journal={International Economic Review},
  volume={42},
  number={2},
  pages={369--397},
  year={2001},
  publisher={Wiley Online Library}
}

@article{bernanke2004fedspeak,
  title={Remarks by Governor Ben S. Bernanke: Fedspeak},
  author={Ben S. Bernanke},
  journal={Meetings of the American Economic Association},
  year={2004}
}

@article{bernanke2004japan,
  title={Remarks by Governor Ben S. Bernanke: Central Bank Talk and Monetary Policy},
  author={Ben S. Bernanke},
  journal={Japan Society Corporate Luncheon},
  year={2004}
}

@article{costa2010mercado,
  title={Como o mercado de juros futuros reage à comunicação do Banco Central?},
  author={{COSTA FILHO}, A. E. and Rocha, F.},
  journal={Economia aplicada},
  volume={14},
  pages={265--292},
  year={2010},
  publisher={SciELO Brasil}
}

@misc{Eijffinger2007,
  title={Central bank transparency and central bank communication: Editorial introduction},
  author={De Haan, Jakob and Eijffinger, Sylvester CW and Rybi{\'n}ski, Krzysztof},
  journal={European Journal of Political Economy},
  volume={23},
  number={1},
  pages={1--8},
  year={2007},
  publisher={Elsevier}
}

@article{issing2005,
title = {Communication, transparency, accountability: monetary policy in the twenty-first century},
author = {Issing, Otmar},
year = {2005},
journal = {Review},
volume = {87},
number = {Mar},
pages = {65-83},
url = {https://EconPapers.repec.org/RePEc:fip:fedlrv:y:2005:i:mar:p:65-83:n:v.87no.2,pt.1}
}

@article{bholat_etal2015,
  title={Text mining for central banks},
  author={Bholat, D. and Hansen, S. and Santos, P. and S-B, Cheryl},
  journal={SSRN 2624811},
  url={https://papers.ssrn.com/sol3/papers.cfm?abstract_id=2624811},
  year={2015}
}

@article{chague2015central,
  title={Central bank communication affects the term-structure of interest rates},
  author={Chague, F. and Bueno, R. De-Losso and Giovannetti, B. and Manoel, P.},
  journal={Revista Brasileira de Economia},
  volume={69},
  pages={147--162},
  year={2015},
  publisher={SciELO Brasil}
}

@article{cavallo2013online,
  title={Online and official price indexes: Measuring Argentina's inflation},
  author={Cavallo, Alberto},
  journal={Journal of Monetary Economics},
  volume={60},
  number={2},
  pages={152--165},
  year={2013},
  publisher={Elsevier}
}

@article{ferreira2017incerteza,
  title={Medindo a incerteza econômica no Brasil},
  author={Ferreira, Pedro Costa and de Oliveira, Ingrid CL and Lima, Lucas Farias and Barros, Anna},
  year={2017}
}

@article{Omotosho2019,
  doi = {10.2139/ssrn.3526451},
  url = {https://doi.org/10.2139/ssrn.3526451},
  year = {2019},
  publisher = {Elsevier {BV}},
  author = {Omotosho, B. S.},
  title = {Central Bank Communication in Ghana: Insights from a Text Mining Analysis},
  journal = {{SSRN} Electronic Journal}
}

@article{LDA_blei2003,
  author = {Blei, D. M. and Ng, A. Y. and Jordan, M. I.},
  doi = {http://dx.doi.org/10.1162/jmlr.2003.3.4-5.993},
  journal = {J. Mach. Learn. Res.},
  pages = {993--1022},
  publisher = {JMLR.org},
  title = {Latent dirichlet allocation},
  url = {http://portal.acm.org/citation.cfm?id=944937},
  volume = 3,
  year = 2003
}

@PhdThesis{zahner_J2021,
  title={Essays on Natural Language Processing and Central Banking},
  author={Zahner, J.},
  school={Universidade de Marburgo},
  year={2021},
  address={Marburgo},
  url={https://archiv.ub.uni-marburg.de/diss/z2021/0497/}
}

@article{Shapiro2019,
   author = {Shapiro, A.H. and J. Wilson, D.},
   doi = {10.24148/wp2019-02},
   journal = {Federal Reserve Bank of San Francisco, Working Paper Series},
   month = {6},
   pages = {01-74},
   title = {Taking the Fed at its Word: A New Approach to Estimating Central Bank Objectives Using Text Analysis},
   url = {http://www.frbsf.org/economic-research/publications/working-papers/2019/02},
   year = {2019},
}

%%%%%%

@book{pfaff2008analysis_R,
  title={Analysis of integrated and cointegrated time series with R},
  author={Pfaff, Bernhard},
  year={2008},
  publisher={Springer Science \& Business Media}
}

@article{adonias_evaristo2009comunicaccao,
  title={Comunicação e política monetária no Brasil},
  author={Adonias Evaristo Costa{ }Filho and Rocha, Fabiana},
  journal={Revista Brasileira de Economia},
  volume={63},
  pages={405--422},
  year={2009},
  publisher={SciELO Brasil}
}

@article{svensson2003taylor_rule,
  title={What is wrong with Taylor rules? Using judgment in monetary policy through targeting rules},
  author={Svensson, Lars EO},
  journal={Journal of Economic Literature},
  volume={41},
  number={2},
  pages={426--477},
  year={2003}
}

@article{jsonlite2014,
  title = {The jsonlite Package: A Practical and Consistent Mapping Between JSON Data and R Objects},
  author = {Ooms, J.},
  year = {2014},
  doi = {10.48550/ARXIV.1403.2805},
  url = {https://arxiv.org/abs/1403.2805},
  publisher = {arXiv}
}

@article{pdftools2022,
  title = {Text Extraction, Rendering and Converting of PDF Documents},
  author = {Ooms, J.},
  year = {2022},
  url = {https://cran.r-project.org/web/packages/pdftools/pdftools.pdf}
}

@book{silge2017text,
  title={Text mining with R: A tidy approach},
  author={Silge, Julia and Robinson, David},
  year={2017},
  publisher={" O'Reilly Media, Inc."}
}

@article{silge2016tidytext,
  title={tidytext: Text mining and analysis using tidy data principles in R},
  author={Silge, Julia and Robinson, David},
  journal={Journal of Open Source Software},
  volume={1},
  number={3},
  pages={37},
  year={2016}
}

@article{piantadosi2014zipf,
  title={Zipf’s word frequency law in natural language: A critical review and future directions},
  author={Piantadosi, Steven T},
  journal={Psychonomic bulletin \& review},
  volume={21},
  number={5},
  pages={1112--1130},
  year={2014},
  publisher={Springer}
}

@Manual{R_Team2020,
    title = {R: A Language and Environment for Statistical Computing},
    author = {{R Core Team}},
    organization = {R Foundation for Statistical Computing},
    address = {Vienna, Austria},
    year = {2020},
    url = {https://www.R-project.org/},
 }

@inproceedings{bing_liu_2004,
  title={Mining and summarizing customer reviews},
  author={Hu, Minqing and Liu, Bing},
  booktitle={Proceedings of the tenth ACM SIGKDD international conference on Knowledge discovery and data mining},
  pages={168--177},
  year={2004}
}

@inproceedings{kim_hovy2004,
  title={Determining the sentiment of opinions},
  author={Kim, Soo-Min and Hovy, Eduard},
  booktitle={COLING 2004: Proceedings of the 20th International Conference on Computational Linguistics},
  pages={1367--1373},
  year={2004}
}

@book{morettin2017estatistica,
  title={Estatística básica},
  author={Morettin, Pedro Alberto and Bussab, Wilton Oliveira},
  year={2017},
  publisher={Saraiva Educação SA}
}

@article{durbin_watson1950,
  title={Testing for serial correlation in least squares regression: I},
  author={Durbin, James and Watson, Geoffrey S},
  journal={Biometrika},
  volume={37},
  number={3/4},
  pages={409--428},
  year={1950},
  publisher={JSTOR}
}

@article{breusch1978test,
  title={Testing for autocorrelation in dynamic linear models},
  author={Breusch, Trevor S},
  journal={Australian economic papers},
  volume={17},
  number={31},
  pages={334--355},
  year={1978},
  publisher={Wiley Online Library}
}

@article{godfrey1978test,
  title={Testing against general autoregressive and moving average error models when the regressors include lagged dependent variables},
  author={Godfrey, Leslie G},
  journal={Econometrica: Journal of the Econometric Society},
  pages={1293--1301},
  year={1978},
  publisher={JSTOR}
}

@article{park1966heterocedast,
  title={Estimation with heteroscedastic error terms},
  author={Park, Rolla E},
  journal={Econometrica (pre-1986)},
  volume={34},
  number={4},
  pages={888},
  year={1966},
  publisher={Blackwell Publishing Ltd.}
}

@article{sims1980macroeconomics,
  title={Macroeconomics and reality},
  author={Sims, Christopher A},
  journal={Econometrica: journal of the Econometric Society},
  pages={1--48},
  year={1980},
  publisher={JSTOR}
}

@article{bloom2009uncertainty,
  title={The impact of uncertainty shocks},
  author={Bloom, Nicholas},
  journal={econometrica},
  volume={77},
  number={3},
  pages={623--685},
  year={2009},
  publisher={Wiley Online Library}
}

@article{hp_filter1997,
  title={Postwar US business cycles: an empirical investigation},
  author={Hodrick, Robert J and Prescott, Edward C},
  journal={Journal of Money, credit, and Banking},
  pages={1--16},
  year={1997},
  publisher={JSTOR}
}

@article{glejser1969heterocedast,
  title={A new test for heteroskedasticity},
  author={Glejser, Herbert},
  journal={Journal of the American Statistical Association},
  volume={64},
  number={325},
  pages={316--323},
  year={1969},
  publisher={Taylor \& Francis}
}

@article{goldfeld_quandt1972heterocedast,
  title={Nonlinear methods in econometrics},
  author={Goldfeld, Stephen M and Quandt, Richard E},
  year={1972},
  publisher={North-Holland Pub. Co.}
}

@book{enders2008econometrics,
  title={Applied econometric time series},
  author={Enders, Walter},
  year={2009},
  publisher={John Wiley \& Sons}
}

@article{breusch_pagan1979heterocedast,
  title={A simple test for heteroscedasticity and random coefficient variation},
  author={Breusch, Trevor S and Pagan, Adrian R},
  journal={Econometrica: Journal of the econometric society},
  pages={1287--1294},
  year={1979},
  publisher={JSTOR}
}

@article{white1980heterocedast,
  title={A heteroskedasticity-consistent covariance matrix estimator and a direct test for heteroskedasticity},
  author={White, Halbert},
  journal={Econometrica: journal of the Econometric Society},
  pages={817--838},
  year={1980},
  publisher={JSTOR}
}

@article{UR_dickey_fuller1979,
  title={Distribution of the estimators for autoregressive time series with a unit root},
  author={Dickey, David A and Fuller, Wayne A},
  journal={Journal of the American statistical association},
  volume={74},
  number={366a},
  pages={427--431},
  year={1979},
  publisher={Taylor \& Francis}
}

@book{fuller1976,
  title={Introduction to statistical time series},
  author={Fuller, Wayne A},
  year={1976, p. 373},
  publisher={John Wiley \& Sons}
}

@article{UR_phillips_perron1988,
  title={Testing for a unit root in time series regression},
  author={Phillips, Peter CB and Perron, Pierre},
  journal={Biometrika},
  volume={75},
  number={2},
  pages={335--346},
  year={1988},
  publisher={Oxford University Press}
}

@article{UR_kpss1992,
  title={Testing the null hypothesis of stationarity against the alternative of a unit root: How sure are we that economic time series have a unit root?},
  author={Kwiatkowski, Denis and Phillips, Peter CB and Schmidt, Peter and Shin, Yongcheol},
  journal={Journal of econometrics},
  volume={54},
  number={1-3},
  pages={159--178},
  year={1992},
  publisher={Elsevier}
}

@Manual{tseries2022R_package,
    title = {tseries: Time Series Analysis and Computational Finance},
    author = {Adrian Trapletti and Kurt Hornik},
    year = {2022},
    note = {R package version 0.10-51.},
    url = {https://CRAN.R-project.org/package=tseries},
}

@book{kennedy2008guide_to_econometrics,
  title={A guide to econometrics},
  author={Kennedy, Peter},
  year={2008},
  publisher={John Wiley \& Sons}
}

@book{rajaraman2011mining,
  title={Mining of massive datasets},
  author={Rajaraman, Anand and Ullman, Jeffrey David},
  year={2011},
  publisher={Cambridge University Press}
}

@article{salton1975document_indexing,
  title={A vector space model for automatic indexing},
  author={Salton, Gerard and Wong, Anita and Yang, Chung-Shu},
  journal={Communications of the ACM},
  volume={18},
  number={11},
  pages={613--620},
  year={1975},
  publisher={ACM New York, NY, USA}
}

@article{ploberger1992cusum,
  title={The CUSUM test with OLS residuals},
  author={Ploberger, Werner and Kr{\"a}mer, Walter},
  journal={Econometrica: Journal of the Econometric Society},
  pages={271--285},
  year={1992},
  publisher={JSTOR}
}

@article{liu2010sentiment_subjectivity,
  title={Sentiment analysis and subjectivity.},
  author={Liu, Bing and others},
  journal={Handbook of natural language processing},
  volume={2},
  number={2010},
  pages={627--666},
  year={2010},
  publisher={Oxfordshire}
}

@inproceedings{hutto2014vader,
  title={Vader: A parsimonious rule-based model for sentiment analysis of social media text},
  author={Hutto, Clayton and Gilbert, Eric},
  booktitle={Proceedings of the international AAAI conference on web and social media},
  volume={8},
  number={1},
  pages={216--225},
  year={2014}
}

@article{web_scraping2010,
  title={Introduction to Information Retrieval},
  author={Manning, C. D. and Raghavan, P. and Sch{\"U}tze, H.},
  journal={Natural Language Engineering},
  volume={16},
  number={1},
  pages={100-103},
  year={2010},
  publisher={Cambridge University Press}
}

@techreport{mackinnon2010critical,
  title={Critical values for cointegration tests},
  author={MacKinnon, James G},
  year={2010},
  institution={Queen's Economics Department Working Paper}
}

@article{engle_granger1987,
  title={Co-integration and error correction: representation, estimation, and testing},
  author={Engle, Robert F and Granger, Clive WJ},
  journal={Econometrica: journal of the Econometric Society},
  pages={251--276},
  year={1987},
  publisher={JSTOR}
}

@article{johansen1991,
  title={Estimation and hypothesis testing of cointegration vectors in Gaussian vector autoregressive models},
  author={Johansen, S{\o}ren},
  journal={Econometrica: journal of the Econometric Society},
  pages={1551--1580},
  year={1991},
  publisher={JSTOR}
}

@book{gil2008metodos,
  title={Métodos e técnicas de pesquisa social},
  author={Gil, Antonio Carlos},
  year={2008},
  publisher={6. ed. Ediitora Atlas SA}
}

@article{redl2017impact,
  title={The impact of uncertainty shocks in the United Kingdom},
  author={Redl, Chris},
  year={2017},
  publisher={Bank of England Working Paper}
}

@article{silva2020mensurando,
  title={Mensurando o sentimento de incerteza da política econômica: uma análise a partir da comunicação do Banco Central do Brasil},
  author={{Nascimento Silva}, P. H.},
  year={2019},
  publisher={Universidade Federal da Paraíba}
}

@Comment{jabref-meta: databaseType:bibtex;}